@article{Arvor2012,
  author  = {Arvor, D. and Meirelles, M. and Dubreuil, V. and Bégué, A. and Shimabukuro, Y. E.},
  title   = {Analyzing the agricultural transition in {Mato Grosso, Brazil}, using satellite-derived indices},
  journal = {Applied Geography},
  year    = {2012},
  volume  = {32},
  number       = {2},
  pages   = {702--713},
}

@article{Belgiu2016,
  title   ={Random forest in remote sensing: A review of applications and future directions},
  author  = {Belgiu, Mariana and Dragut, Lucian},
  journal = {ISPRS Journal of Photogrammetry and Remote Sensing},
  volume  = {114},
  pages   = {24--31},
  year    = {2016},
  publisher={Elsevier}
}

@article{Brown2013,
  author  = {Brown, J. Christopher and Kastens, Jude H. and Coutinho, Alexandre Camargo and Victoria, Daniel de Castro and Bishop, Christopher R.},
  title   = {Classifying multiyear agricultural land use data from {Mato Grosso} using time-series {MODIS} vegetation index data},
  journal = {Remote Sensing of Environment},
  year    = {2013},
  volume  = {130},
  pages   = {39-50},
}

@article{Estel2015,
  title   = {Mapping farmland abandonment and recultivation across {Europe} using {MODIS NDVI} time series},
  author  = {Estel, Stephan and Kuemmerle, Tobias and Alcantara, Camilo and Levers, Christian and Prishchepov, Alexander and Hostert, Patrick},
  journal = {Remote Sensing of Environment},
  volume  = {163},
  pages   = {312--325},
  year    = {2015}
}
@Article{Galford2008,
  author       = {Galford, Gillian L and Mustard, John F and Melillo, Jerry and Gendrin, Aline and Cerri, Carlos C and Cerri, Carlos E},
  title        = {Wavelet analysis of {MODIS} time series to detect expansion and intensification of row-crop agriculture in {Brazil}},
  volume       = {112},
  number       = {2},
  pages        = {576--587},
  year         = {2008},
  journal = {Remote sensing of environment},
}

@Book{Hastie2009,
  author    = {Hastie, T. and Tibshirani, R. and Friedman J.},
  title     = {The Elements of Statistical Learning. Data Mining, Inference, and Prediction},
  year      = {2009},
  publisher = {Springer},
  address   = {New York}
}
@Manual{Hijmans2015,
  title  = {raster: Geographic Data Analysis and Modeling},
  author = {Robert J. Hijmans},
  year   = {2015},
}
@Book{James2013,
  author    = {James, G. and Witten, D. and Hastie, T. and Tibshirani, R.},
  title     = {An Introduction to Statistical Learning: with Applications in R},
  year      = {2013},
  publisher = {Springer},
  pages     = {441 p.},
  address   = {New York, EUA},
}

@article{Jonsson2004,
  author       = {Per Jönsson and Lars Eklundh},
  title        = {{TIMESAT}—a program for analyzing time-series of satellite sensor data},
  volume       = {30},
  number       = {8},
  pages        = {833 - 845},
  issn         = {0098-3004},
  year         = {2004},
  journal = {Computers \& Geosciences}
}

@article{Kastens2017,
  author  = {Kastens, J. and Brown, J. and Coutinho, A. and Bishop, C. and Esquerdo, J.},
  title   = {Soy moratorium impacts on soybean and deforestation dynamics in {Mato Grosso, Brazil}},
  journal = {PLOS ONE},
  year    = {2017},
  volume  = {12},
  number  = {4},
  pages   = {e0176168},
}
@article{Kennedy2010,
  author  = {Robert E. Kennedy and Zhiqiang Yang and Warren B. Cohen},
  title   = {Detecting trends in forest disturbance and recovery using yearly {L}andsat time series},
  journal = {Remote Sensing of Environment},
  year    = {2010},
  volume  = {114},
  number  = {12},
  pages   = {2897-2910},
}

@article{Kennedy2014,
  author       = {Kennedy, Robert E and Andréfouët, Serge and Cohen, Warren B and Gómez, Cristina and Griffiths, Patrick and Hais, Martin and Healey, Sean P and Helmer, Eileen H and Hostert, Patrick and Lyons, Mitchell B and Meigs, Garrett W and Pflugmacher, Dirk and Phinn, Stuart R and Powell, Scott L and Scarth, Peter and Sen, Susmita and Schroeder, Todd A and Schneider, Annemarie and Sonnenschein, Ruth and Vogelmann, James E and Wulder, Michael A and Zhu, Zhe},
  title        = {Bringing an ecological view of change to Landsat-based remote sensing},
  volume       = {12},
  number       = {6},
  pages        = {339--346},
  issn         = {1540-9309},
  year         = {2014},
  doi          = {10.1890/130066},
  journal = {Frontiers in Ecology and the Environment},
  publisher    = {Ecological Society of America},
}
@article{Lambin2003,
  author  = {Lambin, Eric F and Geist, Helmut J and Lepers, Erika},
  title   = {Dynamics of land-use and land-cover change in tropical regions},
  journal = {Annual review of environment and resources},
  year    = {2003},
  volume  = {28},
  number  = {1},
  pages   = {205--241},
}

@article{Maus2016,
  author       = {Maus, Victor and Camara, Gilberto and Cartaxo, Ricardo and Sanchez, Alber and Ramos, Fernando M and de Queiroz, Gilberto R},
  title        = {A Time-Weighted Dynamic Time Warping Method for Land-Use and Land-Cover Mapping},
  volume       = {9},
  number       = {8},
  pages        = {3729 - 3739},
  year         = {2016},
  journal = {IEEE Journal of Selected Topics in Applied Earth Observations and Remote Sensing},
}
@article{Mountrakis2011,
  author  = {Mountrakis, G. and Im, J. and Ogole, C.},
  title   = {Support vector machines in remote sensing: A review},
  journal = {ISPRS Journal of Photogrammetry and Remote Sensing},
  year    = {2011},
  volume  = {66},
  number  = {3},
  pages   = {247-259},
}
@article{Pasquarella2016,
  author       = {Pasquarella, Valerie J. and Holden, Christopher E. and Kaufman, Les and Woodcock, Curtis E.},
  title        = {From imagery to ecology: leveraging time series of all available {LANDSAT} observations to map and monitor ecosystem state and dynamics},
  volume       = {2},
  number       = {3},
  pages        = {152--170},
  issn         = {2056-3485},
  year         = {2016},
  doi          = {10.1002/rse2.24},
  journal = {Remote Sensing in Ecology and Conservation},
}
@article{Pelletier2016,
  title   = {Assessing the robustness of Random Forests to map land cover with high resolution satellite image time series over large areas},
  author  = {Pelletier, Charlotte and Valero, Silvia and Inglada, Jordi and Champion, Nicolas and Dedieu, Gerard},
  journal = {Remote Sensing of Environment},
  volume  = {187},
  pages   = {156--168},
  year    = {2016}
}
@InProceedings{Vinhas2016,
  author    = {Vinhas, Lubia and Ribeiro, Gilberto and Ferreira, Karine Reis and Camara, Gilberto},
  title     = {Web Services for Big {Earth} Observation Data},
  booktitle = {Proceedings of the 17th Brazilian Symposium on GeoInformatics},
  pages     = {26--35},
  year      = {2016},
  publisher = {INPE},
  address   = {Campos do Jordão, SP, Brazil},
}
@book{Wickham2017,
 author = {Wickham, Hadley and Grolemund, Garrett},
 title = {R for Data Science: Import, Tidy, Transform, Visualize, and Model Data},
 year = {2017},
 publisher = {O'Reilly Media, Inc.},
}
@Article{Zeileis2005,
  author  = {Achim Zeileis and Gabor Grothendieck},
  title   = {zoo: S3 Infrastructure for Regular and Irregular Time Series},
  journal = {Journal of Statistical Software},
  year    = {2005},
  volume  = {14},
  number  = {6},
  pages   = {1--27},
}
