@article{Arvor2012,
  author  = {Arvor, D. and Meirelles, M. and Dubreuil, V. and Bégué, A. and Shimabukuro, Y. E.},
  title   = {Analyzing the agricultural transition in {Mato Grosso, Brazil}, using satellite-derived indices},
  journal = {Applied Geography},
  year    = {2012},
  volume  = {32},
  number       = {2},
  pages   = {702--713},
}
