%% LaTeX2e file `references-esensing.bib'
%% generated by the `filecontents' environment
%% from source `sits_intro' on 2017/03/03.
%%

% Encoding: UTF-8
 Author = {Achard, Fr\'{e}d\'{e}ric and Eva, Hugh D. and Stibig, Hans-J\"{u}rgen and Mayaux, Philippe and Gallego, Javier and Richards, Timothy and Malingreau, Jean-Paul},
 Journal = {Science},
 Number = {5583},
 Pages = {999-1002},
 Title = {Determination of Deforestation Rates of the World's Humid Tropical Forests},
 Volume = {297},
 Year = {2002}}

 Author = {Adams, J.B. and Gillespie, A.R.},
 Publisher = {Cambridge University Press},
 Title = {Remote Sensing of Landscapes with Spectral Images: A Physical Modeling Approach},
 Year = {2006}}

 Author = {Ana Aguiar and Gilberto C\^{a}mara and Maria Isabel Sobral Escada},
 Journal = {Ecological Modelling},
 Number = {2-4},
 Pages = {169 - 188},
 Title = {Spatial statistical analysis of land-use determinants in the Brazilian Amazonia:exploring intra-regional heterogeneity},
 Volume = {209},
 Year = {2007}}

 Author = {O. Ahlqvist},
 Journal = {International Journal of Geographical Information Science},
 Number = {7},
 Pages = {831-857},
 Title = {Using uncertain conceptual spaces to translate between land cover categories},
 Volume = {19},
 Year = {2005}}

 Author = {Ahlqvist, Ola},
 Journal = {Environment and Planning B: Planning and Design},
 Number = {1},
 Pages = {169--186},
 Title = {In search of classification that supports the dynamics of science: the {FAO} Land Cover Classification System and proposed modifications},
 Volume = {35},
 Year = {2008}}

 Address = {Boca Raton},
 Author = {O. Ahlqvist and D. Varanka and S. Fritz and K. Janowicz},
 Publisher = {CRC Press},
 Title = {Land Use Cover and Land Cover Semantics. Principles, Best Practices, and Prospects},
 Year = {2015}}

 Author = {Aji, Ablimit and Wang, Fusheng and Vo, Hoang and Lee, Rubao and Liu, Qiaoling and Zhang, Xiaodong and Saltz, Joel},
 Journal = {Proc. VLDB Endow.},
 Number = {11},
 Pages = {1009--1020},
 Title = {Hadoop {GIS}: A High Performance Spatial Data Warehousing System over Mapreduce},
 Volume = {6},
 Year = {2013}}

 Author = {Allen, James F.},
 Journal = {Communications of the ACM},
 Number = {11},
 Pages = {832--843},
 Title = {Maintaining Knowledge About Temporal Intervals},
 Volume = {26},
 Year = {1983}}

 Author = {Allen, James F.},
 Journal = {Artificial Intelligence},
 Number = {2},
 Pages = {123--154},
 Title = {Towards a General Theory of Action and Time},
 Volume = {23},
 Year = {1984}}

 Author = {Arvor, Damien and Jonathan, Milton and Meirelles, Margareth Sim\~{o}es Penello and Dubreuil, Vincent and Durieux, Laurent},
 Journal = {International Journal of Remote Sensing},
 Number = {22},
 Pages = {7847-7871},
 Title = {Classification of {MODIS EVI} time series for crop mapping in the state of Mato Grosso, Brazil},
 Volume = {32},
 Year = {2011}}

 Author = {Monya Baker},
 Journal = {Nature},
 Pages = {452--454},
 Title = {Reproducibility crisis?},
 Volume = {533},
 Year = {2016}}

 Author = {J. Barnes},
 Publisher = {Princeton University Press},
 Title = {Complete Works of Aristotle, Volume 2: The Revised Oxford Translation},
 Year = {1984}}

 Author = {Baumann, P. and Dehmel, A. and Furtado, P. and Ritsch, R. and Widmann, N.},
 Journal = {ACM SIGMOD Record},
 Number = {2},
 Pages = {575--577},
 Title = {{The multidimensional database system RasDaMan}},
 Volume = {27},
 Year = {1998}}

 Author = {Baumann, Peter},
 Journal = {Proceedings of the 4th International Workshop on Next Generation Information Technologies and Systems},
 Number = {Mdd},
 Pages = {76--93},
 Title = {{A Database Array Algebra for Spatio-Temporal Data and Beyond}},
 Year = {1999}}

 Author = {Berndt, Donald J. and Clifford, James},
 Title = {Using Dynamic Time Warping to Find Patterns in Time Series},
 Year = {1994}}

 Address = {New York},
 Author = {Roger S. Bivand and Edzer Pebesma and Virgilio Gomez-Rubio},
 Edition = {2},
 Publisher = {Springer},
 Title = {Applied spatial data analysis with {R}},
 Year = {2013}}

 Author = {Roger Bivand and Nicholas Lewin-Koh},
 Title = {Maptools: Tools for Reading and Handling Spatial Objects},
 Year = {2015}}

 Author = {Roger Bivand and Tim Keitt and Barry Rowlingson},
 Title = {Rgdal: Bindings for the Geospatial Data Abstraction Library},
 Year = {2015}}

 Author = {T. Blaschke},
 Journal = {\{ISPRS\} Journal of Photogrammetry and Remote Sensing},
 Number = {1},
 Pages = {2--16},
 Title = {Object based image analysis for remote sensing},
 Volume = {65},
 Year = {2010}}

 Author = {Brennan, J and Lee, HJ and Yang, M and Folk, M and Pourmal, E},
 Journal = {Earth Observer Newsletter},
 Number = {April 2013},
 Pages = {16--19},
 Title = {{Working with NASA's HDF and HDF-EOS earth science data formats}},
 Volume = {25},
 Year = {2013}}

  author  = {Broich, Mark and Hansen, Matthew C. and Potapov, Peter and Adusei, Bernard and Lindquist, Erik and Stehman, Stephen V.},
  title   = {Time-series analysis of multi-resolution optical imagery for quantifying forest cover loss in {S}umatra and {K}alimantan, {I}ndonesia},
  year    = {2011},
  volume  = {13},
  number  = {2},
  pages   = {277-291},
  journal = {International Journal of Applied Earth Observation and Geoinformation},
}

 Address = {New York, NY, USA},
 Author = {Brown, Paul G.},
 Booktitle = {Proceedings of the 2010 ACM SIGMOD International Conference on Management of Data},
 Pages = {963--968},
 Publisher = {ACM},
 Title = {Overview of {SciDB}: Large Scale Array Storage, Processing and Analysis},
 Year = {2010}}

 Author = {Brown, J. Christopher and Kastens, Jude H. and Coutinho, Alexandre Camargo and Victoria, Daniel de Castro and Bishop, Christopher R.},
 Journal = {Remote Sensing of Environment},
 Pages = {39-50},
 Title = {Classifying multiyear agricultural land use data from {Mato Grosso} using time-series {MODIS} vegetation index data},
 Volume = {130},
 Year = {2013}}

 Author = {Camara, Gilberto and Egenhofer, Max and Fonseca, Frederico and Monteiro, Antonio Miguel},
 Booktitle = {Spatial Information Theory: Foundations of Geographic Information Science. International Conference, COSIT 2001},
 Editor = {Montello, Dan},
 Pages = {474--487},
 Publisher = {Springer},
 Title = {What´s In An Image?},
 Volume = {Lecture Notes on Computer Science 2205},
 Year = {2001}}

 Author = {Câmara, Gilberto and Vinhas, Lúbia and Ferreira, Karine Reis and De Queiroz, Gilberto Ribeiro and De Souza, Ricardo Cartaxo Modesto and Monteiro, Antônio Miguel Vieira and De Carvalho, Marcelo Tílio and Casanova, Marco Antonio and De Freitas, Ubirajara Moura},
 Booktitle = {Open source approaches in spatial data handling},
 Pages = {247--270},
 Publisher = {Springer},
 Title = {TerraLib: An open source {GIS} library for large-scale environmental and socio-economic applications},
 Year = {2008}}

 Author = {Camara, Gilberto and Egenhofer, Max J. and Ferreira, Karine and Andrade, Pedro and Queiroz, Gilberto and Sanchez, Alber and Jones, Jim and Vinhas, Lubia},
 Booktitle = {Geographic Information Science},
 Pages = {159--172},
 Publisher = {Springer Verlag},
 Title = {{Fields as a Generic Data Type for Big Spatial Data}},
 Volume = {8728},
 Year = {2014}}

 Author = {Paolo Capitani and Paolo Ciaccia},
 Journal = {Data \& Knowledge Engineering},
 Number = {3},
 Pages = {438 - 458},
 Title = {Warping the time on data streams},
 Volume = {62},
 Year = {2007}}

 Author = {Casati, Roberto and Varzi, Achille},
 Booktitle = {The Stanford Encyclopedia of Philosophy},
 Edition = {Winter 2015},
 Editor = {Edward N. Zalta},
 Publisher = {Stanford University},
 Title = {Events},
 Year = {2015}}

 Author = {Chapin, F. Stuart and Zavaleta, Erika S. and Eviner, Valerie T. and Naylor, Rosamond L. and Vitousek, Peter M. and Reynolds, Heather L. and Hooper, David U. and Lavorel, Sandra and Sala, Osvaldo E. and Hobbie, Sarah E. and Mack, Michelle C. and Diaz, Sandra},
 Journal = {Nature},
 Number = {6783},
 Pages = {234--242},
 Title = {Consequences of changing biodiversity},
 Volume = {405},
 Year = {2000}}

 Author = {Chaplin-Kramer, Rebecca and Sharp, Richard P and Mandle, Lisa and Sim, Sarah and Johnson, Justin and Butnar, Isabela and Mil\'{a} i Canals, Lloren\c{c}o and Eichelberger, Bradley A and Ramler, Ivan and Mueller, Carina and McLachlan, Nikolaus and Yousefi, Anahita and King, Henry and Kareiva, Peter M},
 Journal = {Proceedings of the National Academy of Sciences of the United States of America},
 Number = {24},
 Pages = {7402--7407},
 Title = {Spatial patterns of agricultural expansion determine impacts on biodiversity and carbon storage},
 Volume = {112},
 Year = {2015}}

  author    = {Chatfield, Chris},
  title     = {The Analysis of Time Series: An Introduction},
  year      = {2013},
  publisher = {CRC press},
}

 Author = {Chavan, Vishwas and Penev, Lyubomir},
 Journal = {BMC Bioinformatics},
 Number = {15},
 Pages = {1--12},
 Title = {The data paper: a mechanism to incentivize data publishing in biodiversity science},
 Volume = {12},
 Year = {2011}}

 Author = {Chazdon, Robin L. and others},
 Journal = {Ambio},
 Pages = {1--13},
 Title = {When is a forest a forest? Forest concepts and definitions in the era of forest and landscape restoration},
 Year = {2016}}

 Author = {Jin Chen and Per. J\"{o}nsson and Masayuki Tamura and Zhihui Gu andBunkei Matsushita and Lars Eklundh},
 Journal = {Remote Sensing of Environment},
 Number = {3-4},
 Pages = {332 - 344},
 Title = {A simple method for reconstructing a high-quality NDVI time-series data set based on the Savitzky–Golay filter},
 Volume = {91},
 Year = {2004}}

  author  = {Cheng, Yu and Rusu, Florin},
  title   = {Formal representation of the SS-DB benchmark and experimental evaluation in EXTASCID},
  year    = {2015},
  volume  = {33},
  number  = {3},
  pages   = {277--317},
  journal = {Distributed and Parallel Databases},
}

 Author = {Chesani, Federico and Mello, Paola and Montali, Marco and Torroni, Paolo},
 Journal = {Fundamenta Informaticae},
 Number = {1-2},
 Pages = {135--161},
 Title = {A logic-based, reactive calculus of events},
 Volume = {105},
 Year = {2010}}

 Author = {Chokkalingam, UNNA and de Jong, Wil},
 Journal = {The International Forestry Review},
 Pages = {19--26},
 Title = {Secondary forest:a working definition and typology},
 Year = {2001}}

 Author = {Comber, A.J. and Wadsworth, R.a. and Fisher, P.F.},
 Journal = {Journal of Land Use Science},
 Number = {2--3},
 Title = {Using semantics to clarify the conceptual confusion between land cover and land use: the example of ‘forest'},
 Volume = {3},
 Year = {2008}}

  author    = {Cudre-Mauroux, Philippe and Kimura, Hideaki and Lim, Kian-Tat and Rogers, Jennie and Madden, Samuel and Stonebraker, Michael and Zdonik, Stanley B and Brown, Paul G},
  title     = {Ss-db: A standard science dbms benchmark},
  booktitle = {Extremely Large Databases Conference (XLDB)},
  year      = {2010},
}

 Author = {Das, Sudipto and Sismanis, Yannis and Beyer, Kevin S and Gemulla, Rainer and Haas, Peter J and McPherson, John},
 Booktitle = {Proceedings of the 2010 ACM SIGMOD International Conference on Management of data},
 Organization = {ACM},
 Pages = {987--998},
 Title = {Ricardo: {I}ntegrating {R} and {H}adoop},
 Year = {2010}}

  author  = {Dean, Jeffrey and Ghemawat, Sanjay},
  title   = {{MapReduce}: a flexible data processing tool},
  year    = {2010},
  volume  = {53},
  number  = {1},
  pages   = {72-77},
  journal = {Communications of the ACM},
}

  author  = {De Sy, V. and Herold, M. and Achard, F. and Beuchle, R. and Clevers, J. G. P. W. and Lindquist, E. and Verchot, L.},
  title   = {Land use patterns and related carbon losses following deforestation in South America},
  year    = {2015},
  volume  = {10},
  number  = {12},
  journal = {{Environmental Research letters}},
}

 Author = {Ben DeVries and Jan Verbesselt and Lammert Kooistra and Martin Herold},
 Journal = {Remote Sensing of Environment},
 Number = {0},
 Pages = {107 - 121},
 Title = {Robust monitoring of small-scale forest disturbances in a tropical montane forest using Landsat time series},
 Volume = {161},
 Year = {2015}}

 Author = {Dutrieux, Lo\"{i}c and DeVries, Ben},
 Title = {bfastSpatial: Set of utilities and wrappers to perform change detection on satellite image time-series},
 Year = {2014}}

 Author = {Dutrieux, Loïc Paul and Verbesselt, Jan and Kooistra, Lammert and Herold, Martin},
 Journal = {ISPRS Journal of Photogrammetry and Remote Sensing},
 Pages = {112--125},
 Title = {Monitoring forest cover loss using multiple data streams, a case study of a tropical dry forest in Bolivia},
 Volume = {107},
 Year = {2015}}

 Author = {Eldawy, A and Mokbel, M F},
 Booktitle = {IEEE 31st International Conference on Data Engineering (ICDE 2015)},
 Pages = {1352--1363},
 Title = {{SpatialHadoop: A MapReduce framework for spatial data}},
 Volume = {1},
 Year = {2015}}

 Author = {Eldawy, Ahmed and Mokbel, M and Jonathan, Christopher},
 Booktitle = {IEEE International Conference on Data Engineering (ICDE)},
 Title = {HadoopViz: A MapReduce Framework for Extensible Visualization of Big Spatial Data},
 Year = {2016}}

 Author = {Esling, Philippe and Agon, Carlos},
 Journal = {ACM Computing Surveys},
 Number = {1},
 Pages = {12:1--12:34},
 Title = {Time-series Data Mining},
 Volume = {45},
 Year = {2012}}

 Author = {Foley, Jonathan A. and DeFries, Ruth and Asner, Gregory P. and Barford, Carol and Bonan, Gordon and Carpenter, Stephen R. and Chapin, F. Stuart and Coe, Michael T. and Daily, Gretchen C. and Gibbs, Holly K. and Helkowski, Joseph H. and Holloway, Tracey and Howard, Erica A. and Kucharik, Christopher J. and Monfreda, Chad and Patz, Jonathan A. and Prentice, I. Colin and Ramankutty, Navin and Snyder, Peter K.},
 Journal = {Science},
 Number = {5734},
 Pages = {570-574},
 Title = {Global Consequences of Land Use},
 Volume = {309},
 Year = {2005}}

 Author = {Fonseca, Frederico and Egenhofer, Max and Agouris, Peggy and Camara, Gilberto},
 Journal = {Transactions in GIS},
 Number = {3},
 Pages = {231--257},
 Title = {Using Ontologies for Integrated Geographic Information Systems},
 Volume = {6},
 Year = {2002}}

 Author = {Fonseca, Frederico and Camara, Gilberto and Miguel Monteiro, Antonio},
 Journal = {Spatial Cognition and Computation},
 Number = {4},
 Pages = {309--331},
 Title = {A framework for measuring the interoperability of geo-ontologies},
 Volume = {6},
 Year = {2006}}

 Author = {Ramon Morais de Freitas and Egidio Arai and Marcos Adami and Arley Souza Ferreira and Fernando Yuzo Sato and Yosio Edemir Shimabukuro and Reinaldo Roberto Rosa and Liana Oighenstein Anderson and Bernardo Friedrich Theodor Rudorff},
 Journal = {Journal of Computational Interdisciplinary Sciences},
 Number = {1},
 Pages = {57-68},
 Title = {Virtual laboratory of remote sensing time series: visualization of {MODIS EVI2} data set over South America},
 Volume = {2},
 Year = {2011}}

 Author = {Mark A. Friedl and Damien Sulla-Menashe and Bin Tan and Annemarie Schneider and Navin Ramankutty and Adam Sibley and Xiaoman Huang},
 Journal = {Remote Sensing of Environment},
 Number = {1},
 Pages = {168 - 182},
 Title = {{MODIS} Collection 5 global land cover: Algorithm refinements and characterization of new datasets},
 Volume = {114},
 Year = {2010}}

 Author = {Fritz, Steffen and See, Linda and others},
 Journal = {Eos, Transactions American Geophysical Union},
 Number = {3},
 Pages = {31--32},
 Title = {The need for improved maps of global cropland},
 Volume = {94},
 Year = {2013}}

 Author = {Gillian L. Galford and John F. Mustard and Jerry Melillo and Aline Gendrin and Carlos C. Cerri and Carlos E.P. Cerri},
 Journal = {Remote Sensing of Environment},
 Number = {2},
 Pages = {576-587},
 Title = {Wavelet analysis of {MODIS} time series to detect expansion and intensification of row-crop agriculture in Brazil},
 Volume = {112},
 Year = {2008}}

 Author = {Galton, Antony},
 Journal = {Spatial Cognition {\&} Computation},
 Number = {1},
 Pages = {39--68},
 Title = {{Fields and Objects in Space, Time, and Space-time}},
 Volume = {4},
 Year = {2004}}

  author        = {Galton, Antony and Worboys, Michael},
  title         = {Processes and Events in Dynamic Geo-Networks},
  booktitle     = {GeoSpatial Semantics: First International Conference, GeoS 2005, Mexico City, Mexico, November 29-30, 2005. Proceedings},
  year          = {2005},
  publisher     = {Springer Berlin Heidelberg},
  pages         = {45--59},
  __markedentry = {[gilberto:]},
  address       = {Berlin, Heidelberg},
}

 Author = {Galton, Antony},
 Journal = {Journal of Logic and Computation},
 Number = {3},
 Pages = {323--340},
 Title = {Experience and history: Processes and their relation to events},
 Volume = {18},
 Year = {2008}}

 Author = {Galton, Antony and Mizoguchi, Riichiro},
 Journal = {Applied Ontology},
 Pages = {71--107},
 Title = {{The water falls but the waterfall does not fall: New perspectives on objects , processes and events}},
 Volume = {4},
 Year = {2009}}

 Author = {Geist, Helmut J. and Lambin, Eric F.},
 Journal = {BioScience},
 Number = {2},
 Pages = {143-150},
 Title = {Proximate Causes and Underlying Driving Forces of Tropical Deforestation},
 Volume = {52},
 Year = {2002}}

 Author = {Giannotti, Fosca and Nanni, Mirco and Pinelli, Fabio and Pedreschi, Dino},
 Booktitle = {Proceedings of the 13th ACM SIGKDD International Conference on Knowledge Discovery and Data Mining},
 Pages = {339},
 Title = {{Trajectory pattern mining}},
 Year = {2007}}

 Author = {Gibbs, H. K. and Rausch, L. and Munger, J. and others},
 Journal = {Science},
 Number = {6220},
 Pages = {377--378},
 Title = {Brazil's Soy Moratorium},
 Volume = {347},
 Year = {2015}}

 Author = {Toni Giorgino},
 Journal = {Journal of Statistical Software},
 Number = {7},
 Pages = {1--24},
 Title = {Computing and Visualizing Dynamic Time Warping Alignments in {R}: the dtw package},
 Volume = {31},
 Year = {2009}}

 Author = {Javier Godar and Emilio Jorge Tizado and Benno Pokorny},
 Journal = {Forest Ecology and Management},
 Pages = {58-73},
 Title = {Who is responsible for deforestation in the Amazon? A spatially explicit analysis along the Transamazon Highway in Brazil},
 Volume = {267},
 Year = {2012}}

 Author = {Godar, Javier and Gardner, Toby A. and Tizado, E. Jorge and Pacheco, Pablo},
 Journal = {Proceedings of the National Academy of Sciences},
 Number = {43},
 Pages = {15591-15596},
 Title = {Actor-specific contributions to the deforestation slowdown in the Brazilian Amazon},
 Volume = {111},
 Year = {2014}}

 Author = {Javier Godar and U. Martin Persson and E. Jorge Tizado and Patrick Meyfroidt},
 Journal = {Ecological Economics},
 Pages = {25-35},
 Title = {Towards more accurate and policy relevant footprint analyses: tracing fine-scale socio-environmental impacts of production to consumption},
 Volume = {112},
 Year = {2015}}

 Author = {Goodchild, Michael F and Yuan, May and Cova, Thomas J},
 Journal = {International Journal of Geographical Information Science},
 Number = {3},
 Pages = {239--260},
 Title = {{Towards a general theory of geographic representation in GIS}},
 Volume = {21},
 Year = {2007}}

 Author = {Gorelick, Noel},
 Booktitle = {AGU Fall Meeting Abstracts},
 Pages = {04},
 Title = {Google {E}arth {E}ngine},
 Volume = {1},
 Year = {2012}}

 Author = {Sarah Goslee},
 Journal = {Journal of Statistical Software},
 Number = {1},
 Pages = {1--25},
 Title = {Analyzing Remote Sensing Data in {R}: the landsat package},
 Volume = {43},
 Year = {2011}}

  author       = {Gray, Jim},
  title        = {What Next? A Dozen Information-Technology Research Goals},
  type         = {resreport},
  institution  = {Microsoft Research},
  year         = {1999},
  number       = {MSR-TR-99-50},
  pages        = {24},
  organization = {Microsoft Research},
}

 Author = {Gray, Jim and Liu, David T. and Nieto-Santisteban, Maria and Szalay, Alex and DeWitt, David J. and Heber, Gerd},
 Journal = {SIGMOD Rec.},
 Number = {4},
 Pages = {34--41},
 Title = {{Scientific data management in the coming decade}},
 Volume = {34},
 Year = {2005}}

  author        = {Gregorio, Antonio di},
  title         = {Land Cover Classification System: Classification Concepts and User Manual : LCCS},
  type          = {resreport},
  institution   = {FAO - Food and Agriculture Organisation - UN},
  year          = {2005},
  __markedentry = {[gilberto:]},
  publisher     = {Food and Agriculture Organization of the United Nations},
}

 Author = {Grenon, Peter and Smith, Barry},
 Journal = {Spatial Cognition \& Computation},
 Number = {1},
 Pages = {69-104},
 Title = {{SNAP} and {SPAN}: Towards Dynamic Spatial Ontology},
 Volume = {4},
 Year = {2003}}

 Author = {Griffiths, P. and van der Linden, S. and Kuemmerle, T. and Hostert, P.},
 Journal = {IEEE Journal of Selected Topics in Applied Earth Observations and Remote Sensing},
 Number = {5},
 Pages = {2088-2101},
 Title = {A Pixel-Based {L}andsat Compositing Algorithm for Large Area Land Cover Mapping},
 Volume = {6},
 Year = {2013}}

 Author = {Guarino, Nicola},
 Journal = {International Journal of Human-Computer Studies},
 Number = {2-3},
 Pages = {293--310},
 Title = {{Understanding, building and using ontologies}},
 Volume = {46},
 Year = {1997}}

 Address = {Berlin, Heidelberg},
 Author = {Guarino, Nicola and Oberle, Daniel and Staab, Steffen},
 Booktitle = {Handbook on Ontologies},
 Chapter = {0},
 Editor = {Staab, Steffen and Studer, Rudi},
 Pages = {1--17},
 Publisher = {Springer Berlin Heidelberg},
 Series = {International Handbooks on Information Systems},
 Title = {{What Is an Ontology? Handbook on Ontologies}},
 Year = {2009}}

 Author = {Gullison, Raymond E. and Frumhoff, Peter C. and Canadell, Josep G. and Field, Christopher B. and Nepstad, Daniel C. and Hayhoe, Katharine and Avissar, Roni and Curran, Lisa M. and Friedlingstein, Pierre and Jones, Chris D. and Nobre, Carlos},
 Journal = {Science},
 Number = {5827},
 Pages = {985-986},
 Title = {Tropical Forests and Climate Policy},
 Volume = {316},
 Year = {2007}}

 Author = {Hacker, Peter},
 Journal = {Mind},
 Number = {361},
 Pages = {1--19},
 Title = {{Events and Objects in Space and Time}},
 Volume = {XCI},
 Year = {1982}}

 Author = {Hansen, M and Potapov, P and Moore, R and Hancher, M and Turubanova, S and Tyukavina, A and Thau, D and Stehman, S and Goetz, S and Loveland, T and Kommareddy, A and Egorov, A and Chini, L and Justice, C and Townshend, J},
 Journal = {Science (New York, N.Y.)},
 Number = {2013},
 Pages = {850--3},
 Title = {{High-resolution global maps of 21st-century forest cover change.}},
 Volume = {342},
 Year = {2013}}

  author  = {Hansen, M and Potapov, P and Margono, B and Stehman, S and Turubanova, S and Tyukavina, a},
  title   = {{Response to comment on "High-resolution global maps of 21st-century forest cover change".}},
  year    = {2014},
  volume  = {344},
  number  = {6187},
  pages   = {981},
  journal = {Science (New York, N.Y.)},
}

 Author = {Trevor Hastie and Robert Tibshirani},
 Journal = {Statistical Science},
 Number = {3},
 Pages = {297-310},
 Title = {Generalized Additive Models},
 Volume = {1},
 Year = {1986}}

 Author = {Henniger, O. and Muller, S.},
 Booktitle = {First IEEE International Conference on Biometrics: Theory, Applications, and Systems, 2007. BTAS 2007},
 Pages = {1-6},
 Title = {Effects of Time Normalization on the Accuracy of Dynamic Time Warping},
 Year = {2007}}

  author        = {Herold, Martin and Hubald, Robert and Di Gregorio, Antonio},
  title         = {Translating and evaluating land cover legends using the UN Land Cover Classification System (LCCS)},
  year          = {2009},
  __markedentry = {[gilberto:]},
  institution   = {GOFC-GOLD Report},
  publisher     = {GOFC-GOLD Florence, Italy},
}

 Author = {Robert J. Hijmans},
 Title = {raster: Geographic Data Analysis and Modeling},
 Year = {2015}}

 Author = {Houghton, R. A. and Hackler, J. L. and Lawrence, K. T.},
 Journal = {Science},
 Number = {5427},
 Pages = {574--578},
 Title = {The {U.S.} Carbon Budget:contributions from Land-Use Change},
 Volume = {285},
 Year = {1999}}

 Author = {A.R. Huete and H.Q. Liu and K. Batchily and W. van Leeuwen},
 Journal = {Remote Sensing of Environment},
 Number = {3},
 Pages = {440 - 451},
 Title = {A comparison of vegetation indices over a global set of {TM} images for {EOS-MODIS}},
 Volume = {59},
 Year = {1997}}

 Author = {A Huete and K Didan and T Miura and E.P Rodriguez and X Gao and L.G Ferreira},
 Journal = {Remote Sensing of Environment},
 Number = {1-2},
 Pages = {195-213},
 Title = {Overview of the radiometric and biophysical performance of the {MODIS} vegetation indices},
 Volume = {83},
 Year = {2002}}

 Author = {IBGE, BRAZILIAN INSTITUTE OF GEOGRAPHY AND STATISTICS},
 Title = {Municipal Agricultural Production - {PAM}},
 Year = {2014}}

 Author = {Ihaka, Ross and Gentleman, Robert},
 Journal = {Journal of Computational and Graphical Statistics},
 Number = {3},
 Pages = {299--314},
 Title = {R: A Language and Environment for Statistical Computing},
 Volume = {5},
 Year = {1996}}

  author  = {Ince, Darrel C. and Hatton, Leslie and Graham-Cumming, John},
  title   = {{The case for open computer programs}},
  year    = {2012},
  volume  = {482},
  number  = {7386},
  pages   = {485--488},
  journal = {Nature},
}

 Author = {IPCC},
 Institution = {(Intergovernmental Panel on Climate Change)},
 Title = {Climate Change 2014: synthesis report, contribution of working groups I, II and III to the fifth assessment report of the intergovernmental panel on climate changes},
 Year = {2014}}

 Author = {Ireland, C and Bowers, D and Newton, M and Waugh, K},
 Booktitle = {Advances in Databases, Knowledge, and Data Applications, 2009. DBKDA '09. First International Conference on},
 Pages = {36--43},
 Title = {A Classification of Object-Relational Impedance Mismatch},
 Year = {2009}}

 Author = {Jansen, Louisa JM and Groom, Geoff and Carrai, Giancarlo},
 Journal = {Journal of Land Use Science},
 Number = {2-3},
 Pages = {131--160},
 Title = {Land-cover harmonisation and semantic similarity: some methodological issues},
 Volume = {3},
 Year = {2008}}

  author  = {Young-Seon Jeong and Myong K. Jeong and Olufemi A. Omitaomu},
  title   = {Weighted dynamic time warping for time series classification},
  year    = {2011},
  volume  = {44},
  number  = {9},
  pages   = {2231 - 2240},
  journal = {Pattern Recognition},
}

 Address = {New York, NY},
 Author = {Jeung, Hoyoung and Yiu, Man Lung and Jensen, Christian S},
 Booktitle = {Computing with Spatial Trajectories},
 Chapter = {Trajectory Pattern Mining},
 Editor = {Zheng, Yu and Zhou, Xiaofang},
 Pages = {143--177},
 Publisher = {Springer New York},
 Title = {{Trajectory Pattern Mining}},
 Year = {2011}}

  author  = {Jiang, Zhangyan and Huete, Alfredo and Didan, Kamel and Miura, Tomoaki},
  title   = {Development of a two-band enhanced vegetation index without a blue band},
  year    = {2008},
  volume  = {112},
  number  = {10},
  pages   = {3833-3845},
  journal = {Remote Sensing of Environment},
}

 Author = {J\"{o}nsson, P. and Eklundh, L.},
 Journal = {IEEE Transactions on Geoscience and Remote Sensing},
 Number = {8},
 Pages = {1824-1832},
 Title = {Seasonality extraction by function fitting to time-series of satellite sensor data},
 Volume = {40},
 Year = {2002}}

 Author = {Per J\"{o}nsson and Lars Eklundh},
 Journal = {Computers \& Geosciences},
 Number = {8},
 Pages = {833 - 845},
 Title = {TIMESAT--a program for analyzing time-series of satellite sensor data},
 Volume = {30},
 Year = {2004}}

 Author = {Kalnay, Eugenia and Cai, Ming},
 Journal = {Nature},
 Number = {6939},
 Pages = {528--531},
 Title = {Impact of urbanization and land-use change on climate},
 Volume = {423},
 Year = {2003}}

  author  = {Kaptu\'{e} Tchuent\'{e}, A.T. and Roujean, J.L. and De Jong, S.M.},
  title   = {Comparison and relative quality assessment of the {GLC2000, GLOBCOVER, MODIS and ECOCLIMAP} land cover data sets at the African continental scale},
  year    = {2011},
  volume  = {13},
  number  = {2},
  pages   = {207-219},
  journal = {International Journal of Applied Earth Observation and Geoinformation},
}

 Author = {Robert E. Kennedy and Zhiqiang Yang and Warren B. Cohen},
 Journal = {Remote Sensing of Environment},
 Number = {12},
 Pages = {2897-2910},
 Title = {Detecting trends in forest disturbance and recovery using yearly {L}andsat time series},
 Volume = {114},
 Year = {2010}}

 Author = {A. J. P. Kenny},
 Publisher = {Routledge},
 Series = {Studies in philosophical psychology},
 Title = {Action, Emotion and Will},
 Year = {1963}}

 Author = {Keogh, Eamonn and Ratanamahatana, Chotirat Ann},
 Journal = {Knowledge Information Systems},
 Number = {3},
 Pages = {358-386},
 Title = {Exact indexing of dynamic time warping},
 Volume = {7},
 Year = {2005}}

 Author = {Kleynhans, W and Olivier, J C and Wessels, K J and ... and Salmon, B P and van den Bergh, F and Steenkamp, K},
 Journal = {IEEE Geoscience and Remote Sensing Letters},
 Number = {3},
 Pages = {507--511},
 Title = {{Detecting Land Cover Change Using an Extended Kalman Filter on MODIS NDVI Time-Series Data}},
 Volume = {8},
 Year = {2011}}

 Author = {Kokla, Margarita and Baglatzi, Alkyoni and Kavouras, Marinos},
 Booktitle = {Land Use and Land Cover Semantics: Principles, Best Practices, and Prospects},
 Pages = {85-–106},
 Publisher = {CRC Press},
 Title = {Eliciting and Formalizing the Intricate Semantics of Land Use and Land Cover Class Definitions},
 Year = {2015}}

 Author = {Kowalski, Robert and Sergot, Marek},
 Booktitle = {Foundations of knowledge based management},
 Pages = {23--55},
 Publisher = {Springer},
 Title = {A logic-based calculus of events},
 Year = {1989}}

 Address = {Seattle, WA, USA},
 Author = {Krcal, Lubos and Ho, {Shen-Shyang}},
 Booktitle = {4th ACM SIGSPATIAL International Workshop on Analytics for Big Geospatial Data},
 Title = {A {SciDB}-based Framework for Efficient Satellite Data Storage and Query based on Dynamic Atmospheric Event Trajectory},
 Year = {2015}}

 Author = {Kuhn, Werner and Raubal, Martin},
 Journal = {International Journal of Geographical Information Science},
 Pages = {405--409},
 Title = {{Implementing Semantic Reference Systems}},
 Volume = {17},
 Year = {2003}}

 Author = {Kuhn, Werner},
 Journal = {International Journal of Geographical Information Science},
 Number = {5},
 Pages = {405--409},
 Title = {{Guest editorial: Semantic reference systems}},
 Volume = {17},
 Year = {2003}}

 Author = {Kuhn, Werner},
 Journal = {Journal on Data Semantics},
 Pages = {1--24},
 Title = {Geospatial Semantics: Why, of What, and How?},
 Volume = {3},
 Year = {2005}}

 Author = {Lambin, Eric F and Geist, Helmut J and Lepers, Erika},
 Journal = {Annual review of environment and resources},
 Number = {1},
 Pages = {205--241},
 Title = {Dynamics of land-use and land-cover change in tropical regions},
 Volume = {28},
 Year = {2003}}

 Author = {Eric F. Lambin and Helmut Geist},
 Editor = {Eric F. Lambin and Helmut Geist},
 Publisher = {Springer},
 Series = {Global Change -- The IGBP Series},
 Title = {Land-Use and Land-Cover Change},
 Year = {2006}}

 Author = {Lambin, E.F. and Linderman, M.},
 Journal = {IEEE Transactions on Geoscience and Remote Sensing},
 Number = {7},
 Pages = {1926-1928},
 Title = {Time series of remote sensing data for land change science},
 Volume = {44},
 Year = {2006}}

 Author = {Lambin, Eric F. and Meyfroidt, Patrick},
 Journal = {Proceedings of the National Academy of Sciences},
 Number = {9},
 Pages = {3465-3472},
 Title = {Global land use change, economic globalization, and the looming land scarcity},
 Volume = {108},
 Year = {2011}}

 Author = {Lewis, Simon L. and Edwards, David P. and Galbraith, David},
 Journal = {Science},
 Number = {6250},
 Pages = {827-832},
 Title = {Increasing human dominance of tropical forests},
 Volume = {349},
 Year = {2015}}

 Author = {Patrick Leyshock and David Maier and Kristin Tufte},
 Booktitle = {Proceedings of IEEE International Conference on Big Data},
 Organization = {Institute of Electrical and Electronics Engineers},
 Title = {Agrios: A Hybrid Approach to Scalable Data Analysis Systems},
 Year = {2013}}

 Author = {Lhermitte, Stefaan and Verbesselt, Jan and Jonckheere, Inge and Nackaerts, Kris and van Aardt, Jan A N and Verstraeten, Willem W and Coppin, Pol},
 Journal = {Remote Sensing of Environment},
 Number = {2},
 Pages = {506--521},
 Title = {Hierarchical image segmentation based on similarity of {\{}NDVI{\}} time series},
 Volume = {112},
 Year = {2008}}

 Author = {Lillesand, T. and Kiefer, R.W. and Chipman, J.},
 Publisher = {Wiley},
 Title = {Remote Sensing and Image Interpretation},
 Year = {2014}}

 Address = {Pasadena},
 Author = {Chen, Z.; Xiao, J.; Cheng, J.},
 Booktitle = {Surface and Atmospheric Remote Sensing: Technologies, Data Analysis and Interpretation},
 Organization = {International Geoscience and Remote Sensing Symposium},
 Pages = {128-130},
 Publisher = {IEEE},
 Title = {A systems based modification of the {NDVI} to minimize soil and atmosphericnois},
 Volume = {1},
 Year = {1994}}

 Author = {Lu, Meng and Pebesma, Edzer and Sanchez, Alber and Verbesselt, Jan},
 Journal = {ISPRS Journal of Photogrammetry and Remote Sensing},
 Title = {{Spatio-temporal change detection from multidimensional arrays Detecting deforestation from MODIS time series}},
 Volume = {March},
 Year = {2016}}

 Author = {Ross S. Lunetta and Joseph F. Knight and Jayantha Ediriwickrema and John G. Lyon and L. Dorsey Worthy},
 Journal = {Remote Sensing of Environment},
 Number = {2},
 Pages = {142 - 154},
 Title = {Land-cover change detection using multi-temporal {MODIS NDVI} data},
 Volume = {105},
 Year = {2006}}

 Author = {le Maire, G. and Stéphane Dupuy and Yann Nouvellon and Rodolfo Araujo Loos and Rodrigo Hakamada},
 Journal = {Remote Sensing of Environment},
 Number = {0},
 Pages = {136 - 149},
 Title = {Mapping short-rotation plantations at regional scale using {MODIS} time series},
 Volume = {152},
 Year = {2014}}

 Address = {San Diego, California, USA},
 Author = {St\'{e}phane Mallat},
 Edition = {2},
 Publisher = {Academic Press},
 Title = {A Wavelet Tour of Signal Processing},
 Year = {1998}}

  author    = {Mani, I. and Pustejovsky,J. and Gaizauskas, R.},
  title     = {The language of time: readings in temporal information processing},
  year      = {2005},
  publisher = {Oxford University Press},
}

 Author = {Victor Maus},
 Title = {dtwSat: Time-Weighted Dynamic Time Warping for Remote Sensing Time Series Analysis},
 Year = {2015}}

 Author = {Maus, Victor and Câmara, Gilberto and Cartaxo, Ricardo and Sanchez, Alber and Ramos, Fernando M and de Queiroz, Gilberto R},
 Title = {A Time-Weighted Dynamic Time Warping Method for Land-Use and Land-Cover Mapping},
 Journal = {IEEE Journal of Selected Topics in Applied Earth Observations and Remote Sensing},
 Volume = {9},
 Number = {8},
 Pages = {3729 -- 3739},
 Year = {2016}}

 Author = {Mayaux, Philippe and Holmgren, Peter and Achard, Frédéric and Eva, Hugh and Stibig, Hans-Jürgen and Branthomme, Anne},
 Journal = {Philosophical Transactions of the Royal Society of London B: Biological Sciences},
 Number = {1454},
 Pages = {373-384},
 Title = {Tropical forest cover change in the 1990s and options for future monitoring},
 Volume = {360},
 Year = {2005}}

  author  = {McCallum, I. and Obersteiner, M. and Nilsson, S. and Shvidenko, A.},
  title   = {A spatial comparison of four satellite derived 1km global land cover datasets},
  year    = {2006},
  volume  = {8},
  number  = {4},
  pages   = {246-255},
  journal = {International Journal of Applied Earth Observation and Geoinformation},
}

  author      = {Ministry of Science, Technology and Innovation, Brazil},
  title       = {{Estimativas Anuais de Emiss\~{o}es de Gases de Efeito Estufa no Brasil}},
  institution = {(Ministry of Science, Technology and Innovation, Brazil)},
  year        = {2014},
  address     = {Bras\'{i}lia},
}

 Author = {M. P. Mello and C. A. O. Vieira and B. F. T. Rudorff and P. Aplin and R. D. C. Santos and D. A. Aguiar},
 Journal = {IEEE Transactions on Geoscience and Remote Sensing},
 Number = {4},
 Pages = {1897-1913},
 Title = {STARS: A New Method for Multitemporal Remote Sensing},
 Volume = {51},
 Year = {2013}}

 Author = {David Meyer and Christian Buchta},
 Title = {proxy: Distance and Similarity Measures},
 Year = {2015}}

 Author = {Miller, Rob and Shanahan, Murray},
 Booktitle = {Computational logic: logic programming and beyond},
 Pages = {452--490},
 Publisher = {Springer},
 Title = {Some alternative formulations of the event calculus},
 Year = {2002}}

  author  = {Harvey J. Miller},
  title   = {Tobler's First Law and Spatial Analysis},
  year    = {2004},
  volume  = {94},
  number  = {2},
  pages   = {284-289},
  journal = {Annals of the Association of American Geographers},
}

 Author = {Miller, Harvey J.},
 Journal = {Geographical Analysis},
 Number = {1},
 Pages = {17--45},
 Title = {A Measurement Theory for Time Geography},
 Volume = {37},
 Year = {2005}}

 Author = {Milner, Robin},
 Journal = {Communications ACM},
 Number = {1},
 Pages = {78--89},
 Title = {{Elements of Interaction: Turing Award Lecture}},
 Volume = {36},
 Year = {1993}}

 Author = {Moulds, S. and Buytaert, W. and Mijic, A.},
 Journal = {Geoscientific Model Development},
 Number = {10},
 Pages = {3215--3229},
 Title = {An open and extensible framework for spatially explicit land use change modelling},
 Volume = {8},
 Year = {2015}}

 Author = {Mourelatos, Alexander PD},
 Journal = {Linguistics and philosophy},
 Number = {3},
 Pages = {415--434},
 Title = {Events, processes, and states},
 Volume = {2},
 Year = {1978}}

 Address = {London},
 Author = {Meinard M\"{u}ller},
 Publisher = {Springer},
 Title = {Information retrieval for music and motion},
 Year = {2007}}

 Author = {Hannes M\"{u}ller and Patrick Griffiths and Patrick Hostert},
 Journal = {International Journal of Applied Earth Observation and Geoinformation},
 Pages = {61-69},
 Title = {{Long-term deforestation dynamics in the Brazilian Amazon-Uncovering historic frontier development along the Cuiab\'{a}-Santar\'{e}m highway}},
 Volume = {44},
 Year = {2016}}

  author  = {Nativi, Stefano and Mazzetti, Paolo and Santoro, Mattia and Papeschi, Fabrizio and Craglia, Max and Ochiai, Osamu},
  title   = {Big data challenges in building the {Global Earth Observation System of Systems}},
  year    = {2015},
  volume  = {68},
  pages   = {1--26},
  journal = {Environmental Modelling \& Software},
}

  author  = {News, Nature},
  title   = {{Reality check on reproducibility}},
  year    = {2016},
  volume  = {533},
  number  = {7604},
  pages   = {437--437},
  journal = {Nature},
}

 Author = {Nishimura, Shoji and Das, Sudipto and Agrawal, Divyakant and El Abbadi, Amr},
 Journal = {Distributed and Parallel Databases},
 Number = {2},
 Pages = {289--319},
 Title = {MD-HBase: design and implementation of an elastic data infrastructure for cloud-scale location services},
 Volume = {31},
 Year = {2013}}

 Author = {Ometto, J.P. and Aguiar, A.P. and Assis, T. and Soler, L. and Valle, P. and Tejada, G. and Lapola, D.M. and Meir, P.},
 Journal = {Climatic Change},
 Number = {3},
 Pages = {545-560},
 Title = {Amazon forest biomass density maps: Tackling the uncertainty in carbon emission estimates},
 Volume = {124},
 Year = {2014}}

 Author = {Edzer J. Pebesma and Roger S. Bivand},
 Journal = {R News},
 Number = {2},
 Pages = {9--13},
 Title = {Classes and methods for spatial data in {R}},
 Volume = {5},
 Year = {2005}}

 Author = {Pebesma, Edzer and Nüst, Daniel and Bivand, Roger},
 Journal = {Eos, Transactions American Geophysical Union},
 Number = {16},
 Pages = {163--163},
 Title = {The {R} software environment in reproducible geoscientific research},
 Volume = {93},
 Year = {2012}}

 Author = {Edzer Pebesma},
 Journal = {Journal of Statistical Software},
 Number = {1},
 Pages = {1--30},
 Title = {spacetime: Spatio-Temporal Data in R},
 Volume = {51},
 Year = {2012}}

 Author = {Petitjean, F. and Inglada, J. and Gancarski, P.},
 Journal = {IEEE Transactions on Geoscience and Remote Sensing},
 Number = {8},
 Pages = {3081-3095},
 Title = {Satellite Image Time Series Analysis Under Time Warping},
 Volume = {50},
 Year = {2012}}

 Author = {Petitjean, F. and Weber, J.},
 Journal = {IEEE Geoscience and Remote Sensing Letters},
 Number = {6},
 Pages = {1143-1147},
 Title = {Efficient Satellite Image Time Series Analysis Under Time Warping},
 Volume = {11},
 Year = {2014}}

 Author = {Piao, Shilong and Friedlingstein, Pierre and Ciais, Philippe and de Noblet-Ducoudr\'{}, Nathalie and Labat, David and Zaehle, S\"{o}nke},
 Journal = {Proceedings of the National Academy of Sciences of the United States of America},
 Number = {39},
 Pages = {15242--15247},
 Title = {Changes in climate and land use have a larger direct impact than rising CO(2) on global river runoff trends},
 Volume = {104},
 Year = {2006}}

 Author = {Pielke, Roger A. and Marland, Gregg and Betts, Richard A. and Chase, Thomas N. and Eastman, Joseph L. and Niles, John O. and Niyogi, Dev dutta S. and Running, Steven W.},
 Journal = {{Philosophical Transactions of the Royal Society of London A: Mathematical, Physical and Engineering Sciences}},
 Number = {1797},
 Pages = {1705--1719},
 Title = {The influence of land-use change and landscape dynamics on the climate system},
 Volume = {360},
 Year = {2002}}

 Author = {Planthaber, Gary and Stonebraker, Michael and Frew, James},
 Journal = {Proceedings of the 1st ACM SIGSPATIAL Workshop on Analytics for Big Geospatial Data - BigSpatial '12},
 Pages = {11--19},
 Title = {{EarthDB: scalable analysis of MODIS data using SciDB}},
 Year = {2012}}

 Author = {Quinton, Anthony},
 Journal = {Mind},
 Number = {350},
 Pages = {197--214},
 Title = {{Objects and Events}},
 Volume = {88},
 Year = {1979}}

 Address = {Vienna, Austria},
 Author = {{R Core Team}},
 Organization = {R Foundation for Statistical Computing},
 Title = {R: A Language and Environment for Statistical Computing},
 Year = {2015}}

 Author = {Lawrence Rabiner and Biing-Hwang Juang},
 Publisher = {Prentice-Hall International, Inc.},
 Title = {Fundamentals of speech recognition},
 Year = {1993}}

 Address = {New York, USA},
 Author = {Rakthanmanon, Thanawin and Campana, Bilson and Mueen, Abdullah and Batista, Gustavo and Westover, Brandon and Zhu, Qiang and Zakaria, Jesin and Keogh, Eamonn},
 Booktitle = {Proceedings of the 18th ACM SIGKDD international conference on Knowledge discovery and data mining},
 Organization = {International Conference on Knowledge Discovery and Data Mining},
 Pages = {262--270},
 Publisher = {ACM},
 Title = {Searching and mining trillions of time series subsequences under dynamic time warping},
 Year = {2012}}

 Author = {Reed, Bradley C. and Brown, Jesslyn F. and VanderZee, Darrel and Loveland, Thomas R. and Merchant, James W. and Ohlen, Donald O.},
 Journal = {Journal of Vegetation Science},
 Number = {5},
 Pages = {703--714},
 Title = {Measuring phenological variability from satellite imagery},
 Volume = {5},
 Year = {1994}}

 Author = {Rew, Russ and Davis, Glenn},
 Journal = {IEEE Computer Graphics and Applications},
 Number = {4},
 Pages = {76--82},
 Title = {NetCDF: An Interface for Scientific Data Access},
 Volume = {10},
 Year = {1990}}

 Author = {Queiroz, Gilberto Ribeiro de and Ferreira, Karine Reis and Vinhas, Lubia and Camara, Gilberto and Costa, Raphael Willian da and Souza, Ricardo Cartaxo Modesto de and Maus, Victor Wegner and Sanchez, Alber},
 Booktitle = {Proceeding of the XVII Remote Sensing Brazilian Symposium},
 Pages = {7553--7560},
 Title = {{WTSS}: um servi\c{c}o web para extra\c{c}\~{a}o de s\'{e}ries temporais de imagens de sensoriamento remoto},
 Year = {2015}}

 Author = {Roerink, G J and Menenti, M and Verhoef, W},
 Journal = {International Journal of Remote Sensing},
 Number = {9},
 Pages = {1911--1917},
 Title = {Reconstructing cloudfree {NDVI} composites using {Fourier} analysis of time series},
 Volume = {21},
 Year = {2000}}

 Author = {Rosen, Sara Thomas},
 Journal = {Glot International},
 Number = {2},
 Pages = {3--11},
 Title = {The syntactic representation of linguistic events},
 Volume = {4},
 Year = {1999}}

 Author = {Philippe Rufin and Hannes M\"{u}ller and Dirk Pflugmacher and Patrick Hostert},
 Journal = {International Journal of Applied Earth Observation and Geoinformation},
 Pages = {1 - 10},
 Title = {Land use intensity trajectories on {Amazonian} pastures derived from {Landsat} time series},
 Volume = {41},
 Year = {2015}}

  author  = {Rusu, Florin and Cheng, Yu},
  title   = {A survey on array storage, query languages, and systems},
  year    = {2013},
  journal = {arXiv preprint arXiv:1302.0103},
}

 Author = {Toshihiro Sakamoto and Masayuki Yokozawa and Hitoshi Toritani and Michio Shibayama and Naoki Ishitsuka and Hiroyuki Ohno},
 Journal = {Remote Sensing of Environment},
 Number = {3-4},
 Pages = {366-374},
 Title = {A crop phenology detection method using time-series {MODIS} data},
 Volume = {96},
 Year = {2005}}

 Author = {Toshihiro Sakamoto and Phung CAO Van and Kotera and Nguyen, Khang Duy and Yokozawa, Masayuki},
 Journal = {Landscape and Urban Planning},
 Number = {1},
 Pages = {34--46},
 Title = {Analysis of rapid expansion of inland aquaculture and triple rice-cropping areas in a coastal area of the {Vietnamese Mekong Delta} using {MODIS} time-series imagery},
 Volume = {92},
 Year = {2009}}

 Address = {Budapest},
 Author = {Sakoe, Hiroaki and Chiba, Seibi},
 Booktitle = {Proceedings of the Seventh International Congress on Acoustics},
 Organization = {International Congress on Acoustics},
 Pages = {65-69},
 Publisher = {{Akad\'{e}miai} {Kiad\'{o}}},
 Title = {A Dynamic Programming Approach to Continuous Speech Recognition},
 Volume = {3},
 Year = {1971}}

 Author = {Sakoe, H. and Chiba, S.},
 Journal = {IEEE Transactions on Acoustics, Speech, and Signal Processing},
 Number = {1},
 Pages = {43-49},
 Title = {Dynamic programming algorithm optimization for spoken word recognition},
 Volume = {26},
 Year = {1978}}

 Author = {Sala, Osvaldo E. and Stuart Chapin , F. and III and Armesto, Juan J. and Berlow, Eric and Bloomfield, Janine and Dirzo, Rodolfo and Huber-Sanwald, Elisabeth and Huenneke, Laura F. and Jackson, Robert B. and Kinzig, Ann and Leemans, Rik and Lodge, David M. and Mooney, Harold A. and Oesterheld, Martı́n and Poff, N. LeRoy and Sykes, Martin T. and Walker, Brian H. and Walker, Marilyn and Wall, Diana H.},
 Journal = {Science},
 Number = {5459},
 Pages = {1770-1774},
 Title = {Global Biodiversity Scenarios for the Year 2100},
 Volume = {287},
 Year = {2000}}

 Author = {Salame, Camil Wadih and Barbosa Queiroz, Joaquim Carlos and Rocha, Gilberto de Miranda and Amin, Mario Miguel and da Rocha, Edson Paulino},
 Journal = {{Environmental Earth Science}},
 Number = {{3}},
 Title = {Use of spatial regression models in the analysis of burnings and deforestation occurrences in forest region, {Amazon, Brazil}},
 Volume = {{75}},
 Year = {{2016}}}

  author  = {Saleska, Scott R. and Didan, Kamel and Huete, Alfredo R. and da Rocha, Humberto R.},
  title   = {Amazon Forests Green-Up During 2005 Drought},
  year    = {2007},
  volume  = {318},
  number  = {5850},
  pages   = {612},
  journal = {Science},
}

  author  = {Samanta, Arindam and Ganguly, Sangram and Hashimoto, Hirofumi and Devadiga, Sadashiva and Vermote, Eric and Knyazikhin, Yuri and Nemani, Ramakrishna R. and Myneni, Ranga B.},
  title   = {Amazon forests did not green-up during the 2005 drought},
  year    = {2010},
  volume  = {37},
  number  = {5},
  journal = {Geophysical Research Letters},
}

  author  = {Samanta, Arindam and Ganguly, Sangram and Myneni, Ranga B.},
  title   = {{MODIS Enhanced Vegetation Index data do not show greening of Amazon forests during the 2005 drought}},
  year    = {2011},
  volume  = {189},
  number  = {1},
  pages   = {11--15},
  journal = {New Phytologist},
}

  author  = {Arindam Samanta and Sangram Ganguly and Eric Vermote and Ramakrishna R Nemani and Ranga B Myneni},
  title   = {Interpretation of variations in {MODIS}-measured greenness levels of Amazon forests during 2000 to 2009},
  year    = {2012},
  volume  = {7},
  number  = {2},
  pages   = {024018},
  journal = {Environmental Research Letters},
}

  author  = {Samanta, Arindam and Ganguly, Sangram and Vermote, Eric and Nemani, Ramakrishna R. and Myneni, Ranga B.},
  title   = {{Why Is Remote Sensing of Amazon Forest Greenness So Challenging?}},
  year    = {2012},
  volume  = {16},
  number  = {7},
  pages   = {1--14},
  journal = {Earth Interact.},
}

 Author = {Scanlon, Bridget R and Jolly, Ian and Sophocleous, Marios and Zhang, Lu},
 Journal = {Water Resources Research},
 Number = {3},
 Title = {Global impacts of conversions from natural to agricultural ecosystems on water resources},
 Volume = {43},
 Year = {2007}}

 Author = {Linda See and Dmitry Schepaschenko and Myroslava Lesiv and Ian McCallum and Steffen Fritz and Alexis Comber and Christoph Perger and Christian Schill and Yuanyuan Zhao and Victor Maus and Muhammad Athar Siraj and Franziska Albrecht and Anna Cipriani and Mar’yana Vakolyuk and Alfredo Garcia and Ahmed H. Rabia and Kuleswar Singha and Abel Alan Marcarini and Teja Kattenborn and Rubul Hazarika and Maria Schepaschenko and Marijn van der Velde and Florian Kraxner and Michael Obersteiner},
 Journal = {ISPRS Journal of Photogrammetry and Remote Sensing},
 Number = {0},
 Pages = {48 - 56},
 Title = {Building a hybrid land cover map with crowdsourcing and geographically weighted regression},
 Volume = {103},
 Year = {2015}}

  author    = {See, Linda and Fritz, Steffen and Perger, Christoph and Schill, Christian and Albrecht, Franziska and McCallum, Ian and Schepaschenko, Dmitry and Velde, Marijn and Kraxner, Florian and Baruah, Ujjal Deka and Saikia, Anup and Singh, Kuleswar and de-Miguel, Sergio and Hazarika, Rubul and Sarkar, Ankita and Marcarini, Abel Alan and Baruah, Mrinal and Sahariah, Dhrubajyoti and Changkakati, Trishna and Obersteiner, Michael},
  title     = {Mapping Human Impact Using Crowdsourcing},
  booktitle = {Mapping Wilderness},
  year      = {2016},
  editor    = {Carver, J. Stephen and Fritz, Steffen},
  publisher = {Springer Netherlands},
  pages     = {89--101},
  address   = {Dordrecht},
}

 Author = {Shanahan, Murray},
 Booktitle = {Artificial intelligence today},
 Editor = {M.J.Wooldridge and M.Veloso},
 Pages = {409--430},
 Publisher = {Springer Lecture Notes in Artificial Intelligence no. 1600},
 Title = {The event calculus explained},
 Year = {1999}}

 Address = {Dordrecht},
 Author = {Carlota S. Smith},
 Publisher = {Kluwer Academic Publisher},
 Title = {The Parameter of Aspect},
 Year = {1991}}

 Author = {Spaccapietra, S. and Parent, C. and Damiani, M.L. and De Macedo, J.A. and Porto, F. and Vangenot, C.},
 Journal = {Data \& knowledge engineering},
 Number = {1},
 Pages = {126-146},
 Title = {A conceptual view on trajectories},
 Volume = {65},
 Year = {2008}}

 Author = {Stephanie A Spera and Avery S Cohn and Leah K VanWey and Jack F Mustard and Bernardo F Rudorff and Joel Risso and Marcos Adami},
 Journal = {Environmental Research Letters},
 Number = {6},
 Pages = {064010},
 Title = {Recent cropping frequency, expansion, and abandonment in {Mato Grosso, Brazil} had selective land characteristics},
 Volume = {9},
 Year = {2014}}

 Author = {Prashant K. Srivastava and Dawei Han and Miguel A. Rico-Ramirez and Michaela Bray and Tanvir Islam},
 Journal = {Advances in Space Research},
 Number = {9},
 Pages = {1250 - 1265},
 Title = {Selection of classification techniques for land use/land cover change investigation},
 Volume = {50},
 Year = {2012}}

  author  = {Steffen, Will and Richardson, Katherine and Rockstrom, Johan and Cornell, Sarah E. and Fetzer, Ingo and Bennett, Elena M. and Biggs, Reinette and Carpenter, Stephen R. and de Vries, Wim and de Wit, Cynthia A. and Folke, Carl and Gerten, Dieter and Heinke, Jens and Mace, Georgina M. and Persson, Linn M. and Ramanathan, Veerabhadran and Reyers, Belinda and Sorlin, Sverker},
  title   = {Planetary boundaries},
  year    = {2015},
  volume  = {347},
  number  = {6223},
  journal = {Science},
}

 Author = {Steffen, Will and Broadgate, Wendy and Deutsch, Lisa and Gaffney, Owen and Ludwig, Cornelia},
 Journal = {The Anthropocene Review},
 Title = {The trajectory of the Anthropocene},
 Year = {2015}}

 Author = {Stocker, Benjamin D. and Roth, Raphael and Joos, Fortunat and Spahni, Renato and Steinacher, Marco and Zaehle, Soenke and Bouwman, Lex and Xu-Ri and Prentice, Iain Colin},
 Journal = {Nature Clim. Change},
 Number = {7},
 Pages = {666--672},
 Title = {Multiple greenhouse-gas feedbacks from the land biosphere under future climate change scenarios},
 Volume = {3},
 Year = {2013}}

  author  = {Stonebraker, Michael},
  title   = {{The Case for Shared Nothing}},
  year    = {1986},
  volume  = {9},
  number  = {1},
  pages   = {4--9},
  journal = {{\{}IEEE{\}} Database Eng. Bull.},
}

 Author = {Stonebraker, Michael and Becla, Jacek and DeWitt, David J and Lim, Kian-tat and Maier, David and Ratzesberger, Oliver and Zdonik, Stanley B},
 Booktitle = {{\{}CIDR{\}} 2009, Fourth Biennial Conference on Innovative Data Systems Research, Asilomar, CA, USA, January 4-7, 2009, Online Proceedings},
 Title = {{Requirements for Science Data Bases and SciDB}},
 Year = {2009}}

 Author = {Stonebraker, Michael and Brown, Paul and Zhang, Donghui and Becla, Jacek},
 Journal = {Computing in Science \& Engineering},
 Number = {3},
 Pages = {54--62},
 Title = {SciDB: A database management system for applications with complex analytics},
 Volume = {15},
 Year = {2013}}

  author  = {Thusoo, Ashish and Sarma, Joydeep Sen and Jain, Namit and Shao, Zheng and Chakka, Prasad and Anthony, Suresh and Liu, Hao and Wyckoff, Pete and Murthy, Raghotham},
  title   = {{Hive: A Warehousing Solution over a Map-reduce Framework}},
  year    = {2009},
  volume  = {2},
  number  = {2},
  pages   = {1626--1629},
  journal = {Proc. VLDB Endow.},
}

  author  = {Tobler, Author W R},
  title   = {{A Computer Movie Simulation Urban Growth in Detroit Region}},
  year    = {1970},
  volume  = {46},
  number  = {332},
  pages   = {234--240},
  journal = {Economic Geography},
}

 Author = {Paolo Tormene and Toni Giorgino and Silvana Quaglini and Mario Stefanelli},
 Journal = {Artificial Intelligence in Medicine},
 Number = {1},
 Pages = {11--34},
 Title = {Matching Incomplete Time Series with {Dynamic Time Warping}},
 Volume = {45},
 Year = {2008}}

  author  = {Tropek, Robert and rej Sedl{\'{a}}{\v{c}}ek, Ond$\backslash$v and Beck, Jan and Keil, Petr and Musilov{\'{a}}, Zuzana and {\v{S}}$\backslash$'$\backslash$imov{\'{a}}, Irena and Storch, David},
  title   = {Comment on "High-resolution global maps of 21st-century forest cover change"},
  year    = {2014},
  volume  = {344},
  number  = {6187},
  pages   = {981},
  journal = {Science},
}

 Author = {Tuck, Sean L. and Phillips, Helen R.P. and Hintzen, Rogier E. and Scharlemann, J\"{o}rn P.W. and Purvis, Andy and Hudson, Lawrence N.},
 Journal = {Ecology and Evolution},
 Number = {24},
 Pages = {4658--4668},
 Title = {MODISTools -- downloading and processing {MODIS} remotely sensed data in {R}},
 Volume = {4},
 Year = {2014}}

 Author = {Van Lambalgen, Michiel and Hamm, Fritz},
 Publisher = {John Wiley \& Sons},
 Title = {The proper treatment of events},
 Volume = {6},
 Year = {2008}}

  author    = {Vatsavai, Ranga Raju and Ganguly, Auroop and Chandola, Varun and Stefanidis, Anthony and Klasky, Scott and Shekhar, Shashi},
  title     = {Spatiotemporal Data Mining in the Era of Big Spatial Data: Algorithms and Applications},
  booktitle = {Proceedings of the 1st ACM SIGSPATIAL International Workshop on Analytics for Big Geospatial Data},
  year      = {2012},
  publisher = {ACM},
  pages     = {1--10},
}

 Author = {V.M. Velichko and N.G. Zagoruyko},
 Journal = {International Journal of Man-Machine Studies},
 Number = {3},
 Pages = {223-234},
 Title = {Automatic recognition of 200 words},
 Volume = {2},
 Year = {1970}}

 Author = {Zeno Vendler},
 Journal = {The Philosophical Review},
 Number = {2},
 Pages = {143-160},
 Title = {Verbs and Times},
 Volume = {66},
 Year = {1957}}

 Author = {Zeno Vendler},
 Publisher = {Cornell University Press},
 Title = {Linguistics in Philosophy},
 Year = {1967}}

 Author = {Verbesselt, Jan and Hyndman, Rob and Newnham, Glenn and Culvenor, Darius},
 Journal = {Remote Sensing of Environment},
 Number = {1},
 Pages = {106--115},
 Title = {{Detecting trend and seasonal changes in satellite image time series}},
 Volume = {114},
 Year = {2010}}

 Author = {Jan Verbesselt and Rob Hyndman and Achim Zeileis and Darius Culvenor},
 Journal = {Remote Sensing of Environment},
 Number = {12},
 Pages = {2970 - 2980},
 Title = {Phenological change detection while accounting for abrupt and gradual trends in satellite image time series},
 Volume = {114},
 Year = {2010}}

 Author = {Jan Verbesselt and Achim Zeileis and Martin Herold},
 Journal = {Remote Sensing of Environment},
 Number = {0},
 Pages = {98 - 108},
 Title = {Near real-time disturbance detection using satellite image time series},
 Volume = {123},
 Year = {2012}}

  author    = {Vinhas, Lubia and De Souza, Ricardo Cartaxo Modesto and Câmara, Gilberto},
  title     = {Image Data Handling in Spatial Databases},
  booktitle = {GeoInfo},
  year      = {2003},
}

  author  = {Vitousek, PM and Mooney, HA and Lubchenco, J and Melillo, JM},
  title   = {Human domination of Earth's ecosystems},
  year    = {1997},
  volume  = {277},
  pages   = {494-500},
  journal = {Science},
}

  author  = {Wang, Zhongwu and Jensen, John R and Im, Jungho},
  title   = {An automatic region-based image segmentation algorithm for remote sensing applications},
  year    = {2010},
  volume  = {25},
  number  = {10},
  pages   = {1149--1165},
  journal = {Environmental Modelling \& Software},
}

 Author = {Brian D. Wardlow and Stephen L. Egbert and Jude H. Kastens},
 Journal = {Remote Sensing of Environment},
 Number = {3},
 Pages = {290 - 310},
 Title = {Analysis of time-series MODIS 250 m vegetation index data for crop classification in the U.S. Central Great Plains},
 Volume = {108},
 Year = {2007}}

  author  = {Weih Jr, Robert C and Riggan Jr, Norman D},
  title   = {Object-based classification vs. pixel-based classification: comparative importance of multi-resolution imagery},
  year    = {2010},
  journal = {Proceedings of GEOBIA 2010: Geographic Object-Based Image Analysis},
}

 Author = {Hadley Wickham},
 Publisher = {Springer-Verlag New York},
 Title = {ggplot2: Elegant Graphics for Data Analysis},
 Year = {2009}}

 Author = {S. N. Wood},
 Journal = {Journal of the Royal Statistical Society (B)},
 Number = {2},
 Pages = {413-428},
 Title = {Modelling and smoothing parameter estimation with multiple quadratic penalties},
 Volume = {62},
 Year = {2000}}

 Author = {S. N. Wood},
 Journal = {Journal of the Royal Statistical Society (B)},
 Number = {1},
 Pages = {95-114},
 Title = {Thin-plate regression splines},
 Volume = {65},
 Year = {2003}}

 Author = {S. N. Wood},
 Journal = {Journal of the American Statistical Association},
 Number = {467},
 Pages = {673-686},
 Title = {Stable and efficient multiple smoothing parameter estimation for generalized additive models},
 Volume = {99},
 Year = {2004}}

 Author = {S.N Wood},
 Publisher = {Chapman and Hall/CRC},
 Title = {Generalized Additive Models},
 Year = {2006}}

 Author = {S. N. Wood},
 Journal = {Journal of the Royal Statistical Society (B)},
 Number = {1},
 Pages = {3-36},
 Title = {Fast stable restricted maximum likelihood and marginal likelihood estimation of semiparametric generalized linear models},
 Volume = {73},
 Year = {2011}}

  author        = {Worboys, Michael and Hornsby, Kathleen},
  title         = {From Objects to Events: GEM, the Geospatial Event Model},
  booktitle     = {Geographic Information Science: Third International Conference, GIScience 2004, Adelphi, MD, USA, October 20-23, 2004. Proceedings},
  year          = {2004},
  publisher     = {Springer Berlin Heidelberg},
  pages         = {327--343},
  __markedentry = {[gilberto:]},
  address       = {Berlin, Heidelberg},
}

 Author = {Michael Worboys},
 Journal = {International Journal of Geographical Information Science},
 Pages = {1--28},
 Title = {Event-oriented approaches to geographic phenomena},
 Volume = {19},
 Year = {2005}}

 Author = {Xiangming Xiao and Stephen Boles and Jiyuan Liu and Dafang Zhuang and Steve Frolking and Changsheng Li and William Salas and Berrien Moore III},
 Journal = {Remote Sensing of Environment},
 Number = {4},
 Pages = {480 - 492},
 Title = {Mapping paddy rice agriculture in southern China using multi-temporal MODIS images},
 Volume = {95},
 Year = {2005}}

  author  = {Xu, Liang and Samanta, Arindam and Costa, Marcos H. and Ganguly, Sangram and Nemani, Ramakrishna R. and Myneni, Ranga B.},
  title   = {{Widespread decline in greenness of Amazonian vegetation due to the 2010 drought}},
  year    = {2011},
  volume  = {38},
  number  = {7},
  pages   = {L07402+},
  journal = {Geophysical Research Letters},
}

 Author = {Achim Zeileis and Gabor Grothendieck},
 Journal = {Journal of Statistical Software},
 Number = {6},
 Pages = {1--27},
 Title = {zoo: S3 Infrastructure for Regular and Irregular Time Series},
 Volume = {14},
 Year = {2005}}

 Author = {Xiaoyang Zhang and Mark A. Friedl and Crystal B. Schaaf and Alan H. Strahler and John C.F. Hodges and Feng Gao and Bradley C. Reed and Alfredo Huete},
 Journal = {Remote Sensing of Environment},
 Number = {3},
 Pages = {471 - 475},
 Title = {Monitoring vegetation phenology using MODIS},
 Volume = {84},
 Year = {2003}}

  author  = {Zhang, Yi and Herodotou, Herodotos and Yang, Jun},
  title   = {RIOT: I/O-efficient numerical computing without SQL},
  year    = {2009},
  journal = {arXiv preprint arXiv:0909.1766},
}

  author       = {Zhang, Yi and Zhang, Weiping and Yang, Jun},
  title        = {I/O-efficient statistical computing with RIOT},
  booktitle    = {Data Engineering (ICDE), 2010 IEEE 26th International Conference on},
  year         = {2010},
  organization = {IEEE},
  pages        = {1157--1160},
}

 Author = {Zhe Zhu and Curtis E. Woodcock and Pontus Olofsson},
 Journal = {Remote Sensing of Environment},
 Pages = {75-91},
 Title = {Continuous monitoring of forest disturbance using all available Landsat imagery},
 Volume = {122},
 Year = {2012}}

 Author = {Zhu, Changming and Lu, Dengsheng and Victoria, Daniel and Dutra, Luciano Vieira},
 Journal = {Remote Sensing},
 Number = {1},
 Pages = {223-234},
 Title = {Mapping Fractional Cropland Distribution in {Mato Grosso, Brazil} Using Time Series MODIS Enhanced Vegetation Index and Landsat Thematic Mapper Data},
 Volume = {8},
 Year = {2016}}

